@article{hmm,
  title={An Introduction to Hidden Markov Models},
  author={Rabiner, Lawrence R. and Juang, Biing-Hwang},
  journal={ASSP Magazine, IEEE},
  volume={3},
  number={1},
  pages={4--16},
  year={1986},
  publisher={IEEE}
}

@article{moises,
  title={Online model-based clustering for crisis identification in distributed computing},
  author={Woodard, Dawn B. and Goldszmidt, Moises},
  journal={Journal of the American Statistical Association},
  volume ={106},
  number={493},
  pages={49-60},
  year={2012},
  publisher={Taylor \& Francis}
}

@article{dpclustering,
  title={Bayesian density estimation and inference using mixtures},
  author={Escobar, Michael D and West, Mike},
  journal={Journal of the American Statistical Association},
  volume={90},
  number={430},
  pages={577--588},
  year={1995},
  publisher={Taylor \& Francis}
}

@article{neal2000markov,
  title={Markov chain sampling methods for Dirichlet process mixture models},
  author={Neal, Radford M},
  journal={Journal of Computational and Graphical Statistics},
  volume={9},
  number={2},
  pages={249--265},
  year={2000},
  publisher={Taylor \& Francis Group}
}

@article{collapsed_escobar,
  title={Estimating normal means with a Dirichlet process prior},
  author={Escobar, Michael D},
  journal={Journal of the American Statistical Association},
  volume={89},
  number={425},
  pages={268--277},
  year={1994},
  publisher={Taylor \& Francis}
}

@article{dbindex,
  title={A cluster separation measure},
  author={Davies, David L and Bouldin, Donald W},
  journal={Pattern Analysis and Machine Intelligence, IEEE Transactions on},
  number={2},
  pages={224--227},
  year={1979},
  publisher={IEEE}
}

@book{constraintBook,
 author = {Basu, Sugato and Davidson, Ian and Wagstaff, Kiri},
 title = {Constrained Clustering: Advances in Algorithms, Theory, and Applications},
 year = {2008},
 edition = {1},
 publisher = {Chapman \& Hall/CRC},
}

@incollection{bicego2003,
  title={Similarity-based clustering of sequences using hidden Markov models},
  author={Bicego, Manuele and Murino, Vittorio and Figueiredo, M{\'a}rio AT},
  booktitle={Machine Learning and Data Mining in Pattern Recognition},
  pages={86--95},
  year={2003},
  publisher={Springer}
}

@article{coviello2014,
  title={Clustering hidden Markov models with variational {HEM}},
  author={Coviello, Emanuele and Chan, Antoni B and Lanckriet, Gert RG},
  journal={The Journal of Machine Learning Research},
  volume={15},
  number={1},
  pages={697--747},
  year={2014},
  publisher={JMLR. org}
}
@article{Bicego2006,
    author = "Manuele Bicego and Marco Cristani and Vittorio Murino",
    title = "Unsupervised scene analysis: A hidden Markov model approach ",
    journal = "Computer Vision and Image Understanding ",
    volume = "102",
    number = "1",
    pages = "22 - 41",
    year = "2006",
    note = "",
}

@incollection{menendez2014,
  title={Combining Time Series and Clustering to Extract Gamer Profile Evolution},
  author={Men{\'e}ndez, H{\'e}ctor D and Vindel, Rafael and Camacho, David},
  booktitle={Computational Collective Intelligence. Technologies and Applications},
  pages={262--271},
  year={2014},
  publisher={Springer}
}


@article{bic,
  title={Estimating the dimension of a model},
  author={Schwarz, Gideon and others},
  journal={The Annals of Statistics},
  volume={6},
  number={2},
  pages={461--464},
  year={1978},
  publisher={Institute of Mathematical Statistics}
}
